@book{DGBook,
author = {Hesthaven, Jan S. and Warburton, Tim},
title = {Nodal Discontinuous Galerkin Methods: Algorithms, Analysis, and Applications},
year = {2007},
isbn = {0387720650},
publisher = {Springer Publishing Company},
edition = {1st}
}

@online{wiki,
author = "{Wikipedia contributors}",
title = "Relative permittivity --- {Wikipedia}{,} The Free Encyclopedia",
year = "2022",
url = "https://en.wikipedia.org/w/index.php?title=Relative_permittivity&oldid=1073338621",
note = "[Online; accessed 8-March-2022]"
}

@book{slides,
    title = {LMECA2300 - Discontinuous Galerkin formulation of scalar advection [Lecture notes]},
    author = {Remacle, J.-F.},
    publisher = {EPL},
    year = {2022},
}