@article{marchandise:hal-01007314,
  TITLE = {{Spatial and spectral superconvergence of discontinuous Galerkin method for hyperbolic problems}},
  AUTHOR = {Marchandise, Emilie and Chevaugeon, Nicolas and Remacle, Jean-Fran{\c c}ois},
  URL = {https://hal.archives-ouvertes.fr/hal-01007314},
  JOURNAL = {{Journal of Computational and Applied Mathematics}},
  PUBLISHER = {{Elsevier}},
  VOLUME = {215},
  NUMBER = {2},
  PAGES = {484-494},
  YEAR = {2008},
  DOI = {10.1016/j.cam.2006.03.061},
  KEYWORDS = {Discontinuous Galerkin method ; Superconvergence ; Hyperbolic systems},
  PDF = {https://hal.archives-ouvertes.fr/hal-01007314/file/EMNC.pdf},
  HAL_ID = {hal-01007314},
  HAL_VERSION = {v1},
}