@book{DGBook,
    author = {Hesthaven, Jan S. and Warburton, Tim},
    title = {Nodal Discontinuous Galerkin Methods: Algorithms, Analysis, and Applications},
    year = {2007},
    isbn = {0387720650},
    publisher = {Springer Publishing Company},
    edition = {1st}
}

@article{marchandise2006quadrature,
    title={A quadrature-free discontinuous Galerkin method for the level set equation},
    author={Marchandise, Emilie and Remacle, Jean-Fran{\c{c}}ois and Chevaugeon, Nicolas},
    journal={Journal of Computational Physics},
    volume={212},
    number={1},
    pages={338--357},
    year={2006},
    publisher={Elsevier}
}