@book{DGBook,
    author = {Hesthaven, Jan S. and Warburton, Tim},
    title = {Nodal Discontinuous Galerkin Methods: Algorithms, Analysis, and Applications},
    year = {2007},
    isbn = {0387720650},
    publisher = {Springer Publishing Company},
    edition = {1st}
}

@article{TAM1993262,
    title = {Dispersion-Relation-Preserving Finite Difference Schemes for Computational Acoustics},
    journal = {Journal of Computational Physics},
    volume = {107},
    number = {2},
    pages = {262-281},
    year = {1993},
    issn = {0021-9991},
    doi = {https://doi.org/10.1006/jcph.1993.1142},
    author = {Christopher K.W. Tam and Jay C. Webb},
}